<?xml version="1.0" encoding="UTF-8"?><collection xmlns="http://www.loc.gov/MARC21/slim"><record><leader>00378nam--2200121-i-4500</leader><controlfield tag="001">000044380</controlfield><controlfield tag="002">20161230</controlfield><controlfield tag="005">20161230201044</controlfield><controlfield tag="008">060222s1000------------r-----000-0-eng-d</controlfield><datafield ind1=" " ind2=" " tag="100"><subfield code="a">Pullock, Friedrich</subfield></datafield><datafield ind1=" " ind2=" " tag="245"><subfield code="a">Automation. materialien zur beurteilung der oekonomischen und sozialen folgen</subfield></datafield><datafield ind1=" " ind2=" " tag="260"><subfield code="a">Frankfurt Am Main, Europaische Verlagsanstalt, 1956, Vii+318p</subfield></datafield><datafield ind1=" " ind2=" " tag="852"><subfield code="a">12332</subfield></datafield></record></collection>